<?xml version="1.0" encoding="UTF-8"?><collection xmlns="http://www.loc.gov/MARC21/slim"><record><leader>00402nam--2200121-i-4500</leader><controlfield tag="001">000046610</controlfield><controlfield tag="002">20161230</controlfield><controlfield tag="005">20161230201046</controlfield><controlfield tag="008">060222s1000------------r-----000-0-eng-d</controlfield><datafield ind1=" " ind2=" " tag="080"><subfield code="a">016</subfield></datafield><datafield ind1=" " ind2=" " tag="245"><subfield code="a">Verzeichnis der berichte der kernforschungsanlage julich des landes nordrhein-westfalen veroffentlicht in der zeit von: july 1960 - april 1964</subfield></datafield><datafield ind1=" " ind2=" " tag="260"><subfield code="a">Julich, Kernforschungsanlage, 1963</subfield></datafield><datafield ind1=" " ind2=" " tag="852"><subfield code="a">D.1103</subfield></datafield></record></collection>